<record><leader>00000cas a22000007a 4500</leader><controlfield tag="001">14391236</controlfield><controlfield tag="008">861014d19261934pauwr ne      0    0eng d</controlfield><datafield ind1=" " ind2=" " tag="010"><subfield code="a">sn 86083292 </subfield></datafield><datafield ind1=" " ind2=" " tag="040"><subfield code="a">NPH</subfield><subfield code="b">eng</subfield><subfield code="c">NPH</subfield><subfield code="d">OCLCQ</subfield></datafield><datafield ind1=" " ind2=" " tag="042"><subfield code="a">msc</subfield></datafield><datafield ind1="0" ind2=" " tag="130"><subfield code="a">Freeburg weekly courier (Freeburg, Pa. : 1926)</subfield></datafield><datafield ind1="1" ind2="0" tag="245"><subfield code="a">Freeburg weekly courier.</subfield></datafield><datafield ind1=" " ind2=" " tag="260"><subfield code="a">Freeburg, Pa. :</subfield><subfield code="b">Wm. F. Brown,</subfield><subfield code="c">-1934.</subfield></datafield><datafield ind1=" " ind2=" " tag="300"><subfield code="a">v. ;</subfield><subfield code="c">56 cm.</subfield></datafield><datafield ind1=" " ind2=" " tag="310"><subfield code="a">Weekly</subfield></datafield><datafield ind1="1" ind2=" " tag="362"><subfield code="a">Began in 1926?</subfield></datafield><datafield ind1="0" ind2=" " tag="362"><subfield code="a">-v. 67, no. 1 (Jan. 12, 1934).</subfield></datafield><datafield ind1=" " ind2=" " tag="500"><subfield code="a">Published every Friday.</subfield></datafield><datafield ind1=" " ind2=" " tag="588"><subfield code="a">Description based on: Vol. 62, no. 45 (Oct. 26, 1928).</subfield></datafield><datafield ind1=" " ind2=" " tag="752"><subfield code="a">United States</subfield><subfield code="b">Pennsylvania</subfield><subfield code="c">Snyder</subfield><subfield code="d">Freeburg.</subfield></datafield><datafield ind1="0" ind2="0" tag="780"><subfield code="t">Freeburg courier (Freeburg, Pa. : 1924)</subfield><subfield code="w">(DLC)sn 86083291</subfield></datafield></record>